@inproceedings{deKok2024nodes2narratives,
  author          = {{de Kok}, Mike and Rebboud, Youssra and Lisena, Pasquale and Troncy, Raphael and Tiddi, Ilaria},
  booktitle       = {Proceedings of the Text2Storyâ€™24 Workshop},
  publisher          = {CEUR workshop proceedings},
  title           = {From Nodes to Narratives: A Knowledge Graph-based Storytelling Approach},
  year            = {2024},
  month = {03},
  address = {Glasgow, UK}
}